%% This BibTeX bibliography file was created using BibDesk.
%% https://bibdesk.sourceforge.io/

%% Created for Moore, Kevin at 2023-03-06 14:47:56 -0700 


%% Saved with string encoding Unicode (UTF-8) 



@article{Henriques:2016aa,
	author = {J.C.C. Henriques and J.C.C. Portillo and L.M.C. Gato and R.P.F. Gomes and D.N. Ferreira and A.F.O. Falc{\~{a}}o},
	date-added = {2023-03-06 14:47:49 -0700},
	date-modified = {2023-03-06 14:47:49 -0700},
	doi = {10.1016/j.energy.2016.06.054},
	journal = {Energy},
	month = {oct},
	pages = {852--867},
	publisher = {Elsevier {BV}},
	title = {Design of oscillating-water-column wave energy converters with an application to self-powered sensor buoys},
	url = {https://doi.org/10.1016\%2Fj.energy.2016.06.054},
	volume = {112},
	year = 2016,
	bdsk-url-1 = {https://doi.org/10.1016%5C%2Fj.energy.2016.06.054},
	bdsk-url-2 = {https://doi.org/10.1016/j.energy.2016.06.054}}

@article{Takao:2019aa,
	author = {Manabu Takao and Seisuke Fukuma and Shinya Okuhara and M M Ashraful Alam and Yoichi Kinoue},
	date-added = {2023-03-06 14:08:45 -0700},
	date-modified = {2023-03-06 14:08:45 -0700},
	doi = {10.1088/1755-1315/240/5/052002},
	journal = {{IOP} Conference Series: Earth and Environmental Science},
	month = {mar},
	pages = {052002},
	publisher = {{IOP} Publishing},
	title = {Performance comparison of turbines for bi-directional flow},
	url = {https://doi.org/10.1088\%2F1755-1315\%2F240\%2F5\%2F052002},
	volume = {240},
	year = 2019,
	bdsk-url-1 = {https://doi.org/10.1088%5C%2F1755-1315%5C%2F240%5C%2F5%5C%2F052002},
	bdsk-url-2 = {https://doi.org/10.1088/1755-1315/240/5/052002}}

@article{Setoguchi:2004aa,
	author = {T. Setoguchi and M. Takao and S. Santhakumar and K. Kaneko},
	date-added = {2023-03-06 14:08:13 -0700},
	date-modified = {2023-03-06 14:08:13 -0700},
	doi = {10.1115/1.1710868},
	journal = {Journal of Offshore Mechanics and Arctic Engineering},
	month = {may},
	number = {2},
	pages = {137--140},
	publisher = {{ASME} International},
	title = {Study of an Impulse Turbine for Wave Power Conversion: Effects of Reynolds Number and Hub-to-Tip Ratio on Performance},
	url = {https://doi.org/10.1115\%2F1.1710868},
	volume = {126},
	year = 2004,
	bdsk-url-1 = {https://doi.org/10.1115%5C%2F1.1710868},
	bdsk-url-2 = {https://doi.org/10.1115/1.1710868}}
